@inproceedings{goodfellow2014generative,
  title={Generative adversarial nets},
  author={Goodfellow, Ian and Pouget-Abadie, Jean and Mirza, Mehdi and Xu, Bing and Warde-Farley, David and Ozair, Sherjil and Courville, Aaron and Bengio, Yoshua},
  booktitle={Advances in neural information processing systems},
  pages={2672--2680},
  year={2014}
}
@article{mirza2014conditional,
  title={Conditional generative adversarial nets},
  author={Mirza, Mehdi and Osindero, Simon},
  journal={arXiv preprint arXiv:1411.1784},
  year={2014}
}
@inproceedings{isola2017image,
  title={Image-to-image translation with conditional adversarial networks},
  author={Isola, Phillip and Zhu, Jun-Yan and Zhou, Tinghui and Efros, Alexei A},
  booktitle={Proceedings of the IEEE conference on computer vision and pattern recognition},
  pages={1125--1134},
  year={2017}
}
@misc{mathematica,
  title={Mathematica},
  note={\url{https://www.wolfram.com/mathematica/}}
}
@misc{Gmsh,
  title={Gmsh: a three-dimensional finite element mesh generator with built-in pre- and post-processing facilities},
  note={\url{https://gmsh.info/}}
}
@misc{quickersim,
  title={QuickerSim: a CFD Toolbox for MATLAB},
  note={\url{https://quickersim.com/cfdtoolbox/}}
}
@misc{pix2pix,
  title={Image-to-image translation in PyTorch\\},
  note={\url{https://github.com/junyanz/pytorch-CycleGAN-and-pix2pix/}}
}
